
@article{beckNumericalQualitativeContrasts2017,
  title = {Numerical and Qualitative Contrasts of Two Statistical Models for Water Quality Change in Tidal Waters},
  author = {Beck, Marcus W. and Murphy, Rebecca R.},
  year = {2017},
  month = feb,
  journal = {JAWRA Journal of the American Water Resources Association},
  volume = {53},
  number = {1},
  pages = {197--219},
  issn = {1093474X},
  doi = {10.1111/1752-1688.12489},
  langid = {english}
}

@article{bertholdDirectMailingEducation2021,
  title = {Direct Mailing Education Campaign Impacts on the Adoption of Grazing Management Practices},
  author = {Berthold, T. A. and Olsovsky, Taylor and Schramm, Michael P.},
  year = {2021},
  journal = {Journal of Contemporary Water Research \& Education},
  number = {174},
  pages = {45--60},
  doi = {10.1111/j.1936-704X.2021.3360.x}
}

@article{beserespollackLongtermTrendsResponse2011,
  title = {Long-Term Trends in the Response of Benthic Macrofauna to Climate Variability in the {{Lavaca-Colorado Estuary}}, {{Texas}}},
  author = {Beseres Pollack, J and Palmer, Ta and Montagna, Pa},
  year = {2011},
  month = aug,
  journal = {Marine Ecology Progress Series},
  volume = {436},
  pages = {67--80},
  issn = {0171-8630, 1616-1599},
  doi = {10.3354/meps09267},
  langid = {english}
}

@article{biagi_novel_2022,
  title = {Novel Predictors Related to Hysteresis and Baseflow Improve Predictions of Watershed Nutrient Loads: {{An}} Example from {{Ontario}}'s Lower {{Great Lakes}} Basin},
  shorttitle = {Novel Predictors Related to Hysteresis and Baseflow Improve Predictions of Watershed Nutrient Loads},
  author = {Biagi, K.M. and Ross, C.A. and Oswald, C.J. and Sorichetti, R.J. and Thomas, J.L. and Wellen, C.C.},
  year = {2022},
  month = jun,
  journal = {Science of The Total Environment},
  volume = {826},
  pages = {154023},
  issn = {00489697},
  doi = {10.1016/j.scitotenv.2022.154023},
  langid = {english}
}

@article{bricker_effects_2008,
  title = {Effects of Nutrient Enrichment in the Nation's Estuaries: {{A}} Decade of Change},
  shorttitle = {Effects of Nutrient Enrichment in the Nation's Estuaries},
  author = {Bricker, S.B. and Longstaff, B. and Dennison, W. and Jones, A. and Boicourt, K. and Wicks, C. and Woerner, J.},
  year = {2008},
  month = dec,
  journal = {Harmful Algae},
  volume = {8},
  number = {1},
  pages = {21--32},
  issn = {15689883},
  doi = {10.1016/j.hal.2008.08.028},
  langid = {english}
}

@article{bugica_water_2020,
  title = {Water Quality Trends in {{Texas}} Estuaries},
  author = {Bugica, Kalman and {Sterba-Boatwright}, Blair and Wetz, Michael S.},
  year = {2020},
  month = mar,
  journal = {Marine Pollution Bulletin},
  volume = {152},
  pages = {110903},
  issn = {0025326X},
  doi = {10.1016/j.marpolbul.2020.110903},
  langid = {english}
}

@article{burmanComparativeStudyOrdinary1989,
  title = {A Comparative Study of Ordinary Cross-Validation, v-Fold Cross-Validation and the Repeated Learning-Testing Methods},
  author = {Burman, Prabir},
  year = {1989},
  journal = {Biometrika},
  volume = {76},
  number = {3},
  pages = {503--514},
  doi = {10.1093/biomet/76.3.503},
  langid = {english}
}

@article{caffreyFactorsControllingNet2004,
  title = {Factors Controlling Net Ecosystem Metabolism in {{U}}.{{S}}. Estuaries},
  author = {Caffrey, Jane M.},
  year = {2004},
  month = feb,
  journal = {Estuaries},
  volume = {27},
  number = {1},
  pages = {90--101},
  issn = {0160-8347},
  doi = {10.1007/BF02803563},
  langid = {english}
}

@article{caffreyHighNutrientPulses2007,
  title = {High Nutrient Pulses, Tidal Mixing and Biological Response in a Small {{California}} Estuary: {{Variability}} in Nutrient Concentrations from Decadal to Hourly Time Scales},
  shorttitle = {High Nutrient Pulses, Tidal Mixing and Biological Response in a Small {{California}} Estuary},
  author = {Caffrey, Jane M. and Chapin, Thomas P. and Jannasch, Hans W. and Haskins, John C.},
  year = {2007},
  month = feb,
  journal = {Estuarine, Coastal and Shelf Science},
  volume = {71},
  number = {3-4},
  pages = {368--380},
  issn = {02727714},
  doi = {10.1016/j.ecss.2006.08.015},
  langid = {english}
}

@article{chinPhytoplanktonBiomassCommunity2022,
  title = {Phytoplankton Biomass and Community Composition in Three {{Texas}} Estuaries Differing in Freshwater Inflow Regime},
  author = {Chin, Tiffany and Beecraft, Laura and Wetz, Michael S.},
  year = {2022},
  month = oct,
  journal = {Estuarine, Coastal and Shelf Science},
  volume = {277},
  pages = {108059},
  issn = {02727714},
  doi = {10.1016/j.ecss.2022.108059},
  langid = {english}
}

@article{ciraPhytoplanktonDynamicsLowInflow2021,
  title = {Phytoplankton {{Dynamics}} in a {{Low-Inflow Estuary}} ({{Baffin Bay}}, {{TX}}) {{During Drought}} and {{High-Rainfall Conditions Associated}} with an {{El Ni\~no Event}}},
  author = {Cira, Emily K. and Palmer, Terence A. and Wetz, Michael S.},
  year = {2021},
  month = nov,
  journal = {Estuaries and Coasts},
  volume = {44},
  number = {7},
  pages = {1752--1764},
  issn = {1559-2723, 1559-2731},
  doi = {10.1007/s12237-021-00904-7},
  langid = {english}
}

@article{cloernPhytoplanktonPrimaryProduction2014,
  title = {Phytoplankton Primary Production in the World's Estuarine-Coastal Ecosystems},
  author = {Cloern, J. E. and Foster, S. Q. and Kleckner, A. E.},
  year = {2014},
  month = may,
  journal = {Biogeosciences},
  volume = {11},
  number = {9},
  pages = {2477--2501},
  issn = {1726-4189},
  doi = {10.5194/bg-11-2477-2014},
  langid = {english}
}

@article{cohn_validity_1992,
  title = {The Validity of a Simple Statistical Model for Estimating Fluvial Constituent Loads: {{An Empirical}} Study Involving Nutrient Loads Entering {{Chesapeake Bay}}},
  shorttitle = {The Validity of a Simple Statistical Model for Estimating Fluvial Constituent Loads},
  author = {Cohn, Timothy A. and Caulder, Dana L. and Gilroy, Edward J. and Zynjuk, Linda D. and Summers, Robert M.},
  year = {1992},
  month = sep,
  journal = {Water Resources Research},
  volume = {28},
  number = {9},
  pages = {2353--2363},
  issn = {00431397},
  doi = {10.1029/92WR01008},
  langid = {english}
}

@misc{deciccoDataRetrievalPackagesDiscovering2022,
  title = {{{dataRetrieval}}: {{R}} Packages for Discovering and Retrieving Water Data Available from {{Federal}} Hydrologic Web Services},
  author = {De Cicco, Laura A. and Hirsch, Robert M and Lorenz, David L. and Watkins, W.D. and Johnson, Mike},
  year = {2022},
  address = {{Reston, VA}},
  doi = {10.5066/P9X4L3GE},
  howpublished = {U.S. Geological Survey}
}

@article{doradoUnderstandingInteractionsFreshwater2015,
  title = {Towards an {{Understanding}} of the {{Interactions}} between {{Freshwater Inflows}} and {{Phytoplankton Communities}} in a {{Subtropical Estuary}} in the {{Gulf}} of {{Mexico}}},
  author = {Dorado, Samuel and Booe, Tyra and Steichen, Jamie and McInnes, Allison S. and Windham, Rachel and Shepard, Alicia and Lucchese, Allyson E. B. and Preischel, Hannah and Pinckney, James L. and Davis, Stephen E. and Roelke, Daniel L. and Quigg, Antonietta},
  editor = {Lin, Senjie},
  year = {2015},
  month = jul,
  journal = {PLOS ONE},
  volume = {10},
  number = {7},
  pages = {e0130931},
  issn = {1932-6203},
  doi = {10.1371/journal.pone.0130931},
  langid = {english}
}

@techreport{dunnTrendsNutrientInflows1996,
  type = {Water-{{Resources Investigations Report}}},
  title = {Trends in Nutrient Inflows to the {{Gulf}} of {{Mexico}} from Streams Draining the Conterminous {{United States}}, 1972-93},
  author = {Dunn, David},
  year = {1996},
  number = {96-4113},
  address = {{Austin, Texas}},
  institution = {{USGS}},
  doi = {10.3133/wri964113},
  langid = {english}
}

@article{gardnerNitrogenFixationDissimilatory2006,
  title = {Nitrogen Fixation and Dissimilatory Nitrate Reduction to Ammonium ({{DNRA}}) Support Nitrogen Dynamics in {{Texas}} Estuaries},
  author = {Gardner, Wayne S. and McCarthy, Mark J. and An, Soonmo and Sobolev, Dmitri and Sell, Karen S. and Brock, David},
  year = {2006},
  month = jan,
  journal = {Limnology and Oceanography},
  volume = {51},
  number = {1part2},
  pages = {558--568},
  issn = {0024-3590, 1939-5590},
  doi = {10.4319/lo.2006.51.1_part_2.0558},
  langid = {english}
}

@article{hagemannEstimatingNutrientOrganic2016,
  title = {Estimating {{Nutrient}} and {{Organic Carbon Loads}} to {{Water-Supply Reservoir Using Semiparametric Models}}},
  author = {Hagemann, Mark and Asce, S M and Kim, Daeyoung and Park, Mi Hyun},
  year = {2016},
  journal = {J. Environ. Eng.},
  pages = {9},
  doi = {10.1061/(ASCE)EE.1943-7870.0001077},
  langid = {english}
}

@article{hirsch_weighted_2010,
  title = {Weighted {{Regressions}} on {{Time}}, {{Discharge}}, and {{Season}} ({{WRTDS}}), with an {{Application}} to {{Chesapeake Bay River Inputs1}}: {{Weighted Regressions}} on {{Time}}, {{Discharge}}, and {{Season}} ({{WRTDS}}), {{With}} an {{Application}} to {{Chesapeake Bay River Inputs}}},
  shorttitle = {Weighted {{Regressions}} on {{Time}}, {{Discharge}}, and {{Season}} ({{WRTDS}}), with an {{Application}} to {{Chesapeake Bay River Inputs1}}},
  author = {Hirsch, Robert M. and Moyer, Douglas L. and Archfield, Stacey A.},
  year = {2010},
  month = sep,
  journal = {JAWRA Journal of the American Water Resources Association},
  volume = {46},
  number = {5},
  pages = {857--880},
  issn = {1093474X},
  doi = {10.1111/j.1752-1688.2010.00482.x},
  langid = {english}
}

@article{hornungEstimationAverageConcentration1990,
  title = {Estimation of {{Average Concentration}} in the {{Presence}} of {{Nondetectable Values}}},
  author = {Hornung, Richard W. and Reed, Laurence D.},
  year = {1990},
  month = jan,
  journal = {Applied Occupational and Environmental Hygiene},
  volume = {5},
  number = {1},
  pages = {46--51},
  issn = {1047-322X, 1521-0898},
  doi = {10.1080/1047322X.1990.10389587},
  langid = {english}
}

@article{horowitzEvaluationSedimentRating2003,
  title = {An Evaluation of Sediment Rating Curves for Estimating Suspended Sediment Concentrations for Subsequent Flux Calculations},
  author = {Horowitz, Arthur J.},
  year = {2003},
  month = dec,
  journal = {Hydrological Processes},
  volume = {17},
  number = {17},
  pages = {3387--3409},
  issn = {0885-6087, 1099-1085},
  doi = {10.1002/hyp.1299},
  langid = {english}
}

@article{houTransformationFateNitrate2012,
  title = {Transformation and Fate of Nitrate near the Sediment\textendash Water Interface of {{Copano Bay}}},
  author = {Hou, Lijun and Liu, Min and Carini, Stephen A. and Gardner, Wayne S.},
  year = {2012},
  month = mar,
  journal = {Continental Shelf Research},
  volume = {35},
  pages = {86--94},
  issn = {02784343},
  doi = {10.1016/j.csr.2012.01.004},
  langid = {english}
}


@techreport{jainTechnicalSupportDocument2021,
  type = {Technical {{Report}}},
  title = {Technical {{Support Document}} for {{One Total Maximum Daily Load}} for {{Indicator Bacteria}} in {{Lavaca River Above Tidal}}},
  author = {Jain, Shubham and Schramm, Michael P.},
  year = {2021},
  number = {AS-221},
  address = {{Austin, Texas}},
  institution = {{Texas Commission on Environmental Quality}},
  url = {https://www.tceq.texas.gov/downloads/water-quality/tmdl/lavaca-river-above-tidal-rocky-creek-recreational-108/108-lavaca-river-addendum-tsd-2021-october-as-221.pdf},
  langid = {english}
}

@incollection{kennicuttWaterQualityGulf2017,
  title = {Water {{Quality}} of the {{Gulf}} of {{Mexico}}},
  booktitle = {Habitats and {{Biota}} of the {{Gulf}} of {{Mexico}}: {{Before}} the {{Deepwater Horizon Oil Spill}}},
  author = {Kennicutt, Mahlon C.},
  editor = {Ward, C. Herb},
  year = {2017},
  pages = {55--164},
  publisher = {{Springer New York}},
  address = {{New York, NY}},
  doi = {10.1007/978-1-4939-3447-8_2},
  isbn = {978-1-4939-3445-4 978-1-4939-3447-8},
  langid = {english}
}

@article{kroonRiverLoadsSuspended2012,
  title = {River Loads of Suspended Solids, Nitrogen, Phosphorus and Herbicides Delivered to the {{Great Barrier Reef}} Lagoon},
  author = {Kroon, Frederieke J. and Kuhnert, Petra M. and Henderson, Brent L. and Wilkinson, Scott N. and {Kinsey-Henderson}, Anne and Abbott, Brett and Brodie, Jon E. and Turner, Ryan D.R.},
  year = {2012},
  journal = {Marine Pollution Bulletin},
  volume = {65},
  number = {4-9},
  pages = {167--181},
  issn = {0025326X},
  doi = {10.1016/j.marpolbul.2011.10.018},
  langid = {english}
}

@article{kuhnert_quantifying_2012,
  title = {Quantifying Total Suspended Sediment Export from the {{Burdekin River}} Catchment Using the Loads Regression Estimator Tool: {{REGRESSION ESTIMATOR TOOL FOR POLLUTANT LOADS}}},
  shorttitle = {Quantifying Total Suspended Sediment Export from the {{Burdekin River}} Catchment Using the Loads Regression Estimator Tool},
  author = {Kuhnert, Petra M. and Henderson, Brent L. and Lewis, Stephen E. and Bainbridge, Zoe T. and Wilkinson, Scott N. and Brodie, Jon E.},
  year = {2012},
  month = apr,
  journal = {Water Resources Research},
  volume = {48},
  number = {4},
  issn = {00431397},
  doi = {10.1029/2011WR011080},
  langid = {english}}
  
@article{lloydMethodsDetectingChange2014,
  title = {Methods for Detecting Change in Hydrochemical Time Series in Response to Targeted Pollutant Mitigation in River Catchments},
  author = {Lloyd, C.E.M. and Freer, J.E. and Collins, A.L. and Johnes, P.J. and Jones, J.I.},
  year = {2014},
  month = jun,
  journal = {Journal of Hydrology},
  volume = {514},
  pages = {297--312},
  issn = {00221694},
  doi = {10.1016/j.jhydrol.2014.04.036},
  langid = {english}
}
  
@article{marraCoveragePropertiesConfidence2012,
  title = {Coverage {{Properties}} of {{Confidence Intervals}} for {{Generalized Additive Model Components}}: {{Coverage}} Properties of {{GAM}} Intervals},
  shorttitle = {Coverage {{Properties}} of {{Confidence Intervals}} for {{Generalized Additive Model Components}}},
  author = {Marra, Giampiero and Wood, Simon N.},
  year = {2012},
  month = mar,
  journal = {Scandinavian Journal of Statistics},
  volume = {39},
  number = {1},
  pages = {53--74},
  issn = {03036898},
  doi = {10.1111/j.1467-9469.2011.00760.x},
  langid = {english}
}

  
@article{mcdowell_implications_2021,
  title = {The Implications of Lag Times between Nitrate Leaching Losses and Riverine Loads for Water Quality Policy},
  author = {McDowell, R. W. and Simpson, Z. P. and Ausseil, A. G. and Etheridge, Z. and Law, R.},
  year = {2021},
  month = dec,
  journal = {Scientific Reports},
  volume = {11},
  number = {1},
  pages = {16450},
  issn = {2045-2322},
  doi = {10.1038/s41598-021-95302-1},
  langid = {english}
}

@techreport{montagnaAssessmentRelationshipFreshwater2020,
  title = {Assessment of the {{Relationship Between Freshwater Inflow}} and {{Biological Indicators}} in {{Lavaca Bay}}},
  author = {Montagna, Paul A and Cockett, Patricia M and Kurr, Elaine M and Trungale, Joe},
  year = {2020},
  number = {Contract \# 1800012268},
  pages = {115},
  address = {{Corpus Christi, Texas}},
  institution = {{Harte Research Institute, Texas A\&M University-Corpus Christi}},
  langid = {english}
}

@article{moriasiHydrologicWaterQuality2015,
  title = {Hydrologic and {{Water Quality Models}}: {{Performance Measures}} and {{Evaluation Criteria}}},
  shorttitle = {Hydrologic and {{Water Quality Models}}},
  author = {Moriasi, D. N. and Gitau, M. W. and Pai, N. and Daggupati, P.},
  year = {2015},
  month = dec,
  journal = {Transactions of the ASABE},
  volume = {58},
  number = {6},
  pages = {1763--1785},
  issn = {21510032, 21510040},
  doi = {10.13031/trans.58.10715},
  langid = {english}
}

@article{murphyNutrientImprovementsChesapeake2022,
  title = {Nutrient {{Improvements}} in {{Chesapeake Bay}}: {{Direct Effect}} of {{Load Reductions}} and {{Implications}} for {{Coastal Management}}},
  shorttitle = {Nutrient {{Improvements}} in {{Chesapeake Bay}}},
  author = {Murphy, Rebecca R. and Keisman, Jennifer and Harcum, Jon and Karrh, Renee R. and Lane, Mike and Perry, Elgin S. and Zhang, Qian},
  year = {2022},
  month = jan,
  journal = {Environmental Science \& Technology},
  volume = {56},
  number = {1},
  pages = {260--270},
  issn = {0013-936X, 1520-5851},
  doi = {10.1021/acs.est.1c05388},
  langid = {english}
}

@article{omaniEstimationSedimentNutrient2014,
  title = {Estimation of {{Sediment}} and {{Nutrient Loads}} to {{Bays}} from {{Gauged}} and {{Ungauged Watersheds}}},
  author = {Omani, N. and Srinivasan, R. and Lee, T.},
  year = {2014},
  month = dec,
  journal = {Applied Engineering in Agriculture},
  pages = {869--887},
  issn = {08838542, 19437838},
  doi = {10.13031/aea.30.10162},
  langid = {english}
}

@article{ornolfsdottirNutrientPulsingRegulator2004,
  title = {Nutrient Pulsing as a Regulator of Phytoplankton Abundance and Community Composition in {{Galveston Bay}}, {{Texas}}},
  author = {{\"O}rn{\'o}lfsd{\'o}ttir, Erla B. and Lumsden, S.Elizabeth and Pinckney, James L.},
  year = {2004},
  month = jun,
  journal = {Journal of Experimental Marine Biology and Ecology},
  volume = {303},
  number = {2},
  pages = {197--220},
  issn = {00220981},
  doi = {10.1016/j.jembe.2003.11.016},
  langid = {english}
}

@article{palmerImpactsDroughtsLow2015,
  title = {Impacts of Droughts and Low Flows on Estuarine Water Quality and Benthic Fauna},
  author = {Palmer, Terence A. and Montagna, Paul A.},
  year = {2015},
  month = jul,
  journal = {Hydrobiologia},
  volume = {753},
  number = {1},
  pages = {111--129},
  issn = {0018-8158, 1573-5117},
  doi = {10.1007/s10750-015-2200-x},
  langid = {english}
}

@article{paudelRelationshipSuspendedSolids2019,
  title = {The Relationship between Suspended Solids and Nutrients with Variable Hydrologic Flow Regimes},
  author = {Paudel, Bhanu and Montagna, Paul A. and Adams, Leslie},
  year = {2019},
  month = may,
  journal = {Regional Studies in Marine Science},
  volume = {29},
  pages = {100657},
  issn = {23524855},
  doi = {10.1016/j.rsma.2019.100657},
  langid = {english}
}

@article{peierlsNonmonotonicResponsesPhytoplankton2012,
  title = {Non-Monotonic {{Responses}} of {{Phytoplankton Biomass Accumulation}} to {{Hydrologic Variability}}: {{A Comparison}} of {{Two Coastal Plain North Carolina Estuaries}}},
  shorttitle = {Non-Monotonic {{Responses}} of {{Phytoplankton Biomass Accumulation}} to {{Hydrologic Variability}}},
  author = {Peierls, Benjamin L. and Hall, Nathan S. and Paerl, Hans W.},
  year = {2012},
  month = nov,
  journal = {Estuaries and Coasts},
  volume = {35},
  number = {6},
  pages = {1376--1392},
  issn = {1559-2723, 1559-2731},
  doi = {10.1007/s12237-012-9547-2},
  langid = {english}
}

@article{rebich_sources_2011,
  title = {Sources and {{Delivery}} of {{Nutrients}} to the {{Northwestern Gulf}} of {{Mexico}} from {{Streams}} in the {{South-Central United States1}}: {{Sources}} and {{Delivery}} of {{Nutrients}} to the {{Northwestern Gulf}} of {{Mexico From Streams}} in the {{South-Central United States}}},
  shorttitle = {Sources and {{Delivery}} of {{Nutrients}} to the {{Northwestern Gulf}} of {{Mexico}} from {{Streams}} in the {{South-Central United States1}}},
  author = {Rebich, Richard A. and Houston, Natalie A. and Mize, Scott V. and Pearson, Daniel K. and Ging, Patricia B. and Evan Hornig, C.},
  year = {2011},
  month = oct,
  journal = {JAWRA Journal of the American Water Resources Association},
  volume = {47},
  number = {5},
  pages = {1061--1086},
  issn = {1093474X},
  doi = {10.1111/j.1752-1688.2011.00583.x},
  langid = {english}
}

@article{robson_prediction_2015-1,
  title = {Prediction of Sediment, Particulate Nutrient and Dissolved Nutrient Concentrations in a Dry Tropical River to Provide Input to a Mechanistic Coastal Water Quality Model},
  author = {Robson, Barbara J. and Dourdet, Vincent},
  year = {2015},
  month = jan,
  journal = {Environmental Modelling \& Software},
  volume = {63},
  pages = {97--108},
  issn = {13648152},
  doi = {10.1016/j.envsoft.2014.08.009},
  langid = {english}
}

@article{russell_effect_2006,
  title = {The Effect of Freshwater Inflow on Net Ecosystem Metabolism in {{Lavaca Bay}}, {{Texas}}},
  author = {Russell, Marc J. and Montagna, Paul A. and Kalke, Richard D.},
  year = {2006},
  month = jun,
  journal = {Estuarine, Coastal and Shelf Science},
  volume = {68},
  number = {1-2},
  pages = {231--244},
  issn = {02727714},
  doi = {10.1016/j.ecss.2006.02.005},
  langid = {english}
}

@techreport{schramm_lavaca_2018,
  type = {Technical {{Report}}},
  title = {Lavaca {{River Watershed Protection Plan}}},
  author = {Schramm, Michael P. and Berthold, Allen and Entwistle, Clare and Peddicord, Kirby},
  year = {2018},
  number = {TR-507},
  address = {{College Station, Texas}},
  institution = {{Texas Water Resources Institute}},
  url = {https://twri.tamu.edu/media/1456/tr-507.pdf}
}

@article{schrammTotalMaximumDaily2022,
  title = {Total {{Maximum Daily Loads}} and {{{\emph{Escherichia}}}}{\emph{ Coli}} Trends in {{Texas}} Freshwater Streams},
  author = {Schramm, Michael P. and Gitter, Anna and Gregory, Lucas},
  year = {2022},
  journal = {Journal of Contemporary Water Research \& Education},
  number = {176},
  pages = {36--49},
  doi = {10.1111/j.1936-704X.2022.3374.x}
}

@article{snelderEstimationCatchmentNutrient2017,
  title = {Estimation of {{Catchment Nutrient Loads}} in {{New Zealand Using Monthly Water Quality Monitoring Data}}},
  author = {Snelder, T.H. and McDowell, R.W. and Fraser, C.E.},
  year = {2017},
  month = feb,
  journal = {JAWRA Journal of the American Water Resources Association},
  volume = {53},
  number = {1},
  pages = {158--178},
  issn = {1093474X},
  doi = {10.1111/1752-1688.12492},
  langid = {english}
}

@article{tominackVariabilityPhytoplanktonBiomass2022,
  title = {Variability in {{Phytoplankton Biomass}} and {{Community Composition}} in {{Corpus Christi Bay}}, {{Texas}}},
  author = {Tominack, Sarah A. and Wetz, Michael S.},
  year = {2022},
  month = nov,
  journal = {Estuaries and Coasts},
  issn = {1559-2723, 1559-2731},
  doi = {10.1007/s12237-022-01137-y},
  langid = {english}
}

@article{vecchia_trends_2009,
  title = {Trends in {{Concentrations}} and {{Use}} of {{Agricultural Herbicides}} for {{Corn Belt Rivers}}, 1996-2006},
  author = {Vecchia, Aldo V. and Gilliom, Robert J. and Sullivan, Daniel J. and Lorenz, David L. and Martin, Jeffrey D.},
  year = {2009},
  month = dec,
  journal = {Environmental Science \& Technology},
  volume = {43},
  number = {24},
  pages = {9096--9102},
  issn = {0013-936X, 1520-5851},
  doi = {10.1021/es902122j},
  langid = {english}
}

@article{wangLoadEstimationUncertainties2011,
  title = {Load Estimation with Uncertainties from Opportunistic Sampling Data \textendash{} {{A}} Semiparametric Approach},
  author = {Wang, You-Gan and Kuhnert, Petra and Henderson, Brent},
  year = {2011},
  month = jan,
  journal = {Journal of Hydrology},
  volume = {396},
  number = {1-2},
  pages = {148--157},
  issn = {00221694},
  doi = {10.1016/j.jhydrol.2010.11.003},
  langid = {english}
}

@article{wazniakLinkingWaterQuality2007,
  title = {Linking Water Quality to Living Resources in a {{Mid-Atlantic}} Lagoon System, {{USA}}},
  author = {Wazniak, Catherine E. and Hall, Matthew R. and Carruthers, Tim J. B. and Sturgis, Brian and Dennison, William C. and Orth, Robert J.},
  year = {2007},
  month = jul,
  journal = {Ecological Applications},
  volume = {17},
  number = {sp5},
  pages = {S64-S78},
  issn = {1051-0761},
  doi = {10.1890/05-1554.1},
  langid = {english}
}

@article{wetzWaterQualityDynamics2016,
  title = {Water Quality Dynamics in an Urbanizing Subtropical Estuary({{Oso Bay}}, {{Texas}})},
  author = {Wetz, Michael S. and Hayes, Kenneth C. and Fisher, Kelsey V.B. and Price, Lynn and {Sterba-Boatwright}, Blair},
  year = {2016},
  month = mar,
  journal = {Marine Pollution Bulletin},
  volume = {104},
  number = {1-2},
  pages = {44--53},
  issn = {0025326X},
  doi = {10.1016/j.marpolbul.2016.02.013},
  langid = {english}
}



@article{wetz_exceptionally_2017,
  title = {Exceptionally High Organic Nitrogen Concentrations in a Semi-Arid {{South Texas}} Estuary Susceptible to Brown Tide Blooms},
  author = {Wetz, Michael S. and Cira, Emily K. and {Sterba-Boatwright}, Blair and Montagna, Paul A. and Palmer, Terence A. and Hayes, Kenneth C.},
  year = {2017},
  month = mar,
  journal = {Estuarine, Coastal and Shelf Science},
  volume = {188},
  pages = {27--37},
  issn = {02727714},
  doi = {10.1016/j.ecss.2017.02.001},
  langid = {english}
}

@techreport{wise_spatially_2019,
  type = {Scientific {{Investigations Report}}},
  title = {Spatially Referenced Models of Streamflow and Nitrogen, Phosphorus, and Suspended-Sediment Transport in Streams of the Southwestern {{United States}}},
  author = {Wise, D. R. and Anning, D. W. and Miller, O. W.},
  year = {2019},
  series = {Scientific {{Investigations Report}}},
  number = {2019-5106},
  pages = {66},
  address = {{Reston, Virginia}},
  institution = {{U.S. Geological Survey}},
  langid = {english},
  doi = {10.3133/sir20195106}
}


@article{woodConfidenceIntervalsGeneralized2006,
  title = {On Confidence Intervals for Generalized Additive Models Based on Penalized Regression Splines},
  author = {Wood, Simon N.},
  year = {2006},
  month = dec,
  journal = {Australian \& New Zealand Journal of Statistics},
  volume = {48},
  number = {4},
  pages = {445--464},
  issn = {1369-1473, 1467-842X},
  doi = {10.1111/j.1467-842X.2006.00450.x},
  langid = {english}
}

@article{wood_fast_2011,
  title = {Fast Stable Restricted Maximum Likelihood and Marginal Likelihood Estimation of Semiparametric Generalized Linear Models: {{Estimation}} of {{Semiparametric Generalized Linear Models}}},
  shorttitle = {Fast Stable Restricted Maximum Likelihood and Marginal Likelihood Estimation of Semiparametric Generalized Linear Models},
  author = {Wood, Simon N.},
  year = {2011},
  month = jan,
  journal = {Journal of the Royal Statistical Society: Series B (Statistical Methodology)},
  volume = {73},
  number = {1},
  pages = {3--36},
  issn = {13697412},
  doi = {10.1111/j.1467-9868.2010.00749.x},
  langid = {english}
}

@article{zhang_improving_2017,
  title = {Improving Riverine Constituent Concentration and Flux Estimation by Accounting for Antecedent Discharge Conditions},
  author = {Zhang, Qian and Ball, William P.},
  year = {2017},
  month = apr,
  journal = {Journal of Hydrology},
  volume = {547},
  pages = {387--402},
  issn = {00221694},
  doi = {10.1016/j.jhydrol.2016.12.052},
  langid = {english}
}
