@article{beckFourDecadesWater2018,
  title = {Four Decades of Water Quality Change in the Upper {{San Francisco Estuary}}},
  author = {Beck, Marcus W. and Jabusch, Thomas W. and Trowbridge, Philip R. and Senn, David B.},
  year = {2018},
  month = nov,
  journal = {Estuarine, Coastal and Shelf Science},
  volume = {212},
  pages = {11--22},
  issn = {02727714},
  doi = {10.1016/j.ecss.2018.06.021},
  urldate = {2023-05-18},
  langid = {english}
}

@article{beckNumericalQualitativeContrasts2017,
  title = {Numerical and Qualitative Contrasts of Two Statistical Models for Water Quality Change in Tidal Waters},
  author = {Beck, Marcus W. and Murphy, Rebecca R.},
  year = {2017},
  month = feb,
  journal = {JAWRA Journal of the American Water Resources Association},
  volume = {53},
  number = {1},
  pages = {197--219},
  issn = {1093474X},
  doi = {10.1111/1752-1688.12489},
  urldate = {2018-06-22},
  langid = {english}
}

@article{bergbuschUnexpectedShiftPhytoplankton2021,
  title = {Unexpected Shift from Phytoplankton to Periphyton in Eutrophic Streams Due to Wastewater Influx},
  author = {Bergbusch, Nathanael T. and Hayes, Nicole M. and Simpson, Gavin L. and Leavitt, Peter R.},
  year = {2021},
  journal = {Limnology and Oceanography},
  volume = {66},
  number = {7},
  pages = {2745--2761},
  issn = {0024-3590, 1939-5590},
  doi = {10.1002/lno.11786},
  urldate = {2022-09-13},
  langid = {english}
}

@article{bertholdDirectMailingEducation2021,
  title = {Direct Mailing Education Campaign Impacts on the Adoption of Grazing Management Practices},
  author = {Berthold, T. A. and Olsovsky, Taylor and Schramm, Michael P.},
  year = {2021},
  journal = {Journal of Contemporary Water Research \& Education},
  volume = {174},
  issue = {1},
  pages = {45--60},
  doi = {10.1111/j.1936-704X.2021.3360.x}
}

@article{beserespollackLongtermTrendsResponse2011,
  title = {Long-Term Trends in the Response of Benthic Macrofauna to Climate Variability in the {{Lavaca-Colorado Estuary}}, {{Texas}}},
  author = {Beseres Pollack, J and Palmer, Ta and Montagna, Pa},
  year = {2011},
  month = aug,
  journal = {Marine Ecology Progress Series},
  volume = {436},
  pages = {67--80},
  issn = {0171-8630, 1616-1599},
  doi = {10.3354/meps09267},
  urldate = {2022-11-11},
  langid = {english}
}

@article{biagi_novel_2022,
  title = {Novel Predictors Related to Hysteresis and Baseflow Improve Predictions of Watershed Nutrient Loads: {{An}} Example from {{Ontario}}'s Lower {{Great Lakes}} Basin},
  shorttitle = {Novel Predictors Related to Hysteresis and Baseflow Improve Predictions of Watershed Nutrient Loads},
  author = {Biagi, K.M. and Ross, C.A. and Oswald, C.J. and Sorichetti, R.J. and Thomas, J.L. and Wellen, C.C.},
  year = {2022},
  month = jun,
  journal = {Science of The Total Environment},
  volume = {826},
  pages = {154023},
  issn = {00489697},
  doi = {10.1016/j.scitotenv.2022.154023},
  urldate = {2022-04-05},
  langid = {english}
}

@article{bricker_effects_2008,
  title = {Effects of Nutrient Enrichment in the Nation's Estuaries: {{A}} Decade of Change},
  shorttitle = {Effects of Nutrient Enrichment in the Nation's Estuaries},
  author = {Bricker, S.B. and Longstaff, B. and Dennison, W. and Jones, A. and Boicourt, K. and Wicks, C. and Woerner, J.},
  year = {2008},
  month = dec,
  journal = {Harmful Algae},
  volume = {8},
  number = {1},
  pages = {21--32},
  issn = {15689883},
  doi = {10.1016/j.hal.2008.08.028},
  urldate = {2022-04-05},
  langid = {english}
}

@article{bugica_water_2020,
  title = {Water Quality Trends in {{Texas}} Estuaries},
  author = {Bugica, Kalman and {Sterba-Boatwright}, Blair and Wetz, Michael S.},
  year = {2020},
  month = mar,
  journal = {Marine Pollution Bulletin},
  volume = {152},
  pages = {110903},
  issn = {0025326X},
  doi = {10.1016/j.marpolbul.2020.110903},
  urldate = {2020-04-08},
  langid = {english}
}

@article{bukaveckasInfluenceStormEvents2020,
  title = {The Influence of Storm Events on Metabolism and Water Quality of Riverine and Estuarine Segments of the {{James}}, {{Mattaponi}}, and {{Pamunkey Rivers}}},
  author = {Bukaveckas, P. A. and Tassone, S. and Lee, W. and Franklin, R. B.},
  year = {2020},
  month = nov,
  journal = {Estuaries and Coasts},
  volume = {43},
  number = {7},
  pages = {1585--1602},
  issn = {1559-2723, 1559-2731},
  doi = {10.1007/s12237-020-00819-9},
  urldate = {2022-06-09},
  langid = {english}
}

@article{burknerBrmsPackageBayesian2017,
  title = {{\textbf{Brms}} : {{An}} {{{\emph{R}}}} {{Package}} for {{Bayesian Multilevel Models Using}} {{{\emph{Stan}}}}},
  shorttitle = {{\textbf{Brms}}},
  author = {B{\"u}rkner, Paul-Christian},
  year = {2017},
  journal = {Journal of Statistical Software},
  volume = {80},
  number = {1},
  issn = {1548-7660},
  doi = {10.18637/jss.v080.i01},
  urldate = {2022-11-22},
  langid = {english}
}

@article{burmanComparativeStudyOrdinary1989,
  title = {A Comparative Study of Ordinary Cross-Validation, v-Fold Cross-Validation and the Repeated Learning-Testing Methods},
  author = {Burman, Prabir},
  year = {1989},
  journal = {Biometrika},
  volume = {76},
  number = {3},
  pages = {503--514},
  doi = {10.1093/biomet/76.3.503},
  langid = {english}
}

@article{burnhamAICModelSelection2011,
  title = {{{AIC}} Model Selection and Multimodel Inference in Behavioral Ecology: Some Background, Observations, and Comparisons},
  shorttitle = {{{AIC}} Model Selection and Multimodel Inference in Behavioral Ecology},
  author = {Burnham, Kenneth P. and Anderson, David R. and Huyvaert, Kathryn P.},
  year = {2011},
  month = jan,
  journal = {Behavioral Ecology and Sociobiology},
  volume = {65},
  number = {1},
  pages = {23--35},
  issn = {0340-5443, 1432-0762},
  doi = {10.1007/s00265-010-1029-6},
  urldate = {2023-01-18},
  langid = {english}
}

@article{caffreyFactorsControllingNet2004,
  title = {Factors Controlling Net Ecosystem Metabolism in {{U}}.{{S}}. Estuaries},
  author = {Caffrey, Jane M.},
  year = {2004},
  month = feb,
  journal = {Estuaries},
  volume = {27},
  number = {1},
  pages = {90--101},
  issn = {0160-8347},
  doi = {10.1007/BF02803563},
  urldate = {2023-02-01},
  langid = {english}
}

@article{caffreyHighNutrientPulses2007,
  title = {High Nutrient Pulses, Tidal Mixing and Biological Response in a Small {{California}} Estuary: {{Variability}} in Nutrient Concentrations from Decadal to Hourly Time Scales},
  shorttitle = {High Nutrient Pulses, Tidal Mixing and Biological Response in a Small {{California}} Estuary},
  author = {Caffrey, Jane M. and Chapin, Thomas P. and Jannasch, Hans W. and Haskins, John C.},
  year = {2007},
  month = feb,
  journal = {Estuarine, Coastal and Shelf Science},
  volume = {71},
  number = {3-4},
  pages = {368--380},
  issn = {02727714},
  doi = {10.1016/j.ecss.2006.08.015},
  urldate = {2023-01-30},
  langid = {english}
}

@article{cha_phosphorus_2010,
  title = {Phosphorus Load Estimation in the {{Saginaw River}}, {{MI}} Using a {{Bayesian}} Hierarchical/Multilevel Model},
  author = {Cha, YoonKyung and Stow, Craig A. and Reckhow, Kenneth H. and DeMarchi, Carlo and Johengen, Thomas H.},
  year = {2010},
  month = may,
  journal = {Water Research},
  volume = {44},
  number = {10},
  pages = {3270--3282},
  issn = {00431354},
  doi = {10.1016/j.watres.2010.03.008},
  urldate = {2022-05-09},
  langid = {english}
}

@article{chinPhytoplanktonBiomassCommunity2022,
  title = {Phytoplankton Biomass and Community Composition in Three {{Texas}} Estuaries Differing in Freshwater Inflow Regime},
  author = {Chin, Tiffany and Beecraft, Laura and Wetz, Michael S.},
  year = {2022},
  month = oct,
  journal = {Estuarine, Coastal and Shelf Science},
  volume = {277},
  pages = {108059},
  issn = {02727714},
  doi = {10.1016/j.ecss.2022.108059},
  urldate = {2023-01-30},
  langid = {english}
}

@article{ciraPhytoplanktonDynamicsLowinflow2021,
  title = {Phytoplankton Dynamics in a Low-Inflow Estuary ({{Baffin Bay}}, {{TX}}) during Drought and High-Rainfall Conditions Associated with an {{El Ni\~no}} Event},
  author = {Cira, Emily K. and Palmer, Terence A. and Wetz, Michael S.},
  year = {2021},
  month = nov,
  journal = {Estuaries and Coasts},
  volume = {44},
  number = {7},
  pages = {1752--1764},
  issn = {1559-2723, 1559-2731},
  doi = {10.1007/s12237-021-00904-7},
  urldate = {2023-01-28},
  langid = {english}
}

@article{cloernPhytoplanktonPrimaryProduction2014,
  title = {Phytoplankton Primary Production in the World's Estuarine-Coastal Ecosystems},
  author = {Cloern, J. E. and Foster, S. Q. and Kleckner, A. E.},
  year = {2014},
  month = may,
  journal = {Biogeosciences},
  volume = {11},
  number = {9},
  pages = {2477--2501},
  issn = {1726-4189},
  doi = {10.5194/bg-11-2477-2014},
  urldate = {2023-01-28},
  langid = {english}
}

@article{cohnValiditySimpleStatistical1992,
  title = {The Validity of a Simple Statistical Model for Estimating Fluvial Constituent Loads: {{An}} Empirical Study Involving Nutrient Loads Entering {{Chesapeake Bay}}},
  shorttitle = {The Validity of a Simple Statistical Model for Estimating Fluvial Constituent Loads},
  author = {Cohn, Timothy A. and Caulder, Dana L. and Gilroy, Edward J. and Zynjuk, Linda D. and Summers, Robert M.},
  year = {1992},
  month = sep,
  journal = {Water Resources Research},
  volume = {28},
  number = {9},
  pages = {2353--2363},
  issn = {00431397},
  doi = {10.1029/92WR01008},
  urldate = {2022-04-26},
  langid = {english}
}

@misc{deciccoDataRetrievalPackagesDiscovering2022,
  title = {{{dataRetrieval}}: {{R}} Packages for Discovering and Retrieving Water Data Available from {{Federal}} Hydrologic Web Services},
  author = {De Cicco, Laura A. and Hirsch, Robert M and Lorenz, David L. and Watkins, W.D. and Johnson, Mike},
  year = {2022},
  address = {{Reston, VA}},
  doi = {10.5066/P9X4L3GE},
  howpublished = {U.S. Geological Survey}
}

@article{doradoUnderstandingInteractionsFreshwater2015,
  title = {Towards an Understanding of the Interactions between Freshwater Inflows and Phytoplankton Communities in a Subtropical Estuary in the {{Gulf}} of {{Mexico}}},
  author = {Dorado, Samuel and Booe, Tyra and Steichen, Jamie and McInnes, Allison S. and Windham, Rachel and Shepard, Alicia and Lucchese, Allyson E. B. and Preischel, Hannah and Pinckney, James L. and Davis, Stephen E. and Roelke, Daniel L. and Quigg, Antonietta},
  year = {2015},
  month = jul,
  journal = {PLOS ONE},
  volume = {10},
  number = {7},
  pages = {e0130931},
  issn = {1932-6203},
  doi = {10.1371/journal.pone.0130931},
  urldate = {2023-01-30},
  langid = {english}
}

@techreport{dunnTrendsNutrientInflows1996,
  type = {Water-{{Resources Investigations Report}}},
  title = {Trends in {{Nutrient Inflows}} to the {{Gulf}} of {{Mexico}} from {{Streams Draining}} the {{Conterminous United States}}, 1972-93},
  author = {Dunn, David},
  year = {1996},
  number = {96-4113},
  address = {{Austin, Texas}},
  institution = {{USGS}},
  doi = {10.3133/wri964113},
  langid = {english}
}

@misc{fangCenGAMCensoredRegression2017,
  title = {{{cenGAM}}: {{Censored Regression}} with {{Smooth Terms}}},
  author = {Fang, Zhou},
  year = {2017}
}

@article{gardnerNitrogenFixationDissimilatory2006,
  title = {Nitrogen Fixation and Dissimilatory Nitrate Reduction to Ammonium ({{DNRA}}) Support Nitrogen Dynamics in {{Texas}} Estuaries},
  author = {Gardner, Wayne S. and McCarthy, Mark J. and An, Soonmo and Sobolev, Dmitri and Sell, Karen S. and Brock, David},
  year = {2006},
  month = jan,
  journal = {Limnology and Oceanography},
  volume = {51},
  number = {1part2},
  pages = {558--568},
  issn = {0024-3590, 1939-5590},
  doi = {10.4319/lo.2006.51.1_part_2.0558},
  urldate = {2023-01-29},
  langid = {english}
}

@article{hagemannEstimatingNutrientOrganic2016,
  title = {Estimating {{Nutrient}} and {{Organic Carbon Loads}} to {{Water-Supply Reservoir Using Semiparametric Models}}},
  author = {Hagemann, Mark and Asce, S M and Kim, Daeyoung and Park, Mi Hyun},
  year = {2016},
  journal = {J. Environ. Eng.},
  pages = {9},
  doi = {10.1061/(ASCE)EE.1943-7870.0001077},
  langid = {english}
}

@article{hardingLongTermTrendsNutrients2016,
  title = {Long-{{Term Trends}} of {{Nutrients}} and {{Phytoplankton}} in {{Chesapeake Bay}}},
  author = {Harding, L. W. and Gallegos, C. L. and Perry, E. S. and Miller, W. D. and Adolf, J. E. and Mallonee, M. E. and Paerl, H. W.},
  year = {2016},
  month = may,
  journal = {Estuaries and Coasts},
  volume = {39},
  number = {3},
  pages = {664--681},
  issn = {1559-2723, 1559-2731},
  doi = {10.1007/s12237-015-0023-7},
  urldate = {2022-10-03},
  langid = {english}
}

@article{hayesEffectsLakeWarming2020,
  title = {Effects of lake warming on the seasonal risk of toxic cyanobacteria exposure},
  author = {Hayes, Nicole M. and Haig, Heather A. and Simpson, Gavin L. and Leavitt, Peter R.},
  year = {2020},
  journal = {Limnology and Oceanography Letters},
  volume = {5},
  number = {6},
  pages = {393--402},
  issn = {2378-2242, 2378-2242},
  doi = {10.1002/lol2.10164},
  urldate = {2023-05-23},
  langid = {english}
}

@article{hirschWeightedRegressionsTime2010,
  title = {Weighted {{Regressions}} on {{Time}}, {{Discharge}}, and {{Season}} ({{WRTDS}}), with an Application to {{Chesapeake Bay River}} Inputs},
  shorttitle = {Weighted {{Regressions}} on {{Time}}, {{Discharge}}, and {{Season}} ({{WRTDS}}), with an {{Application}} to {{Chesapeake Bay River Inputs1}}},
  author = {Hirsch, Robert M. and Moyer, Douglas L. and Archfield, Stacey A.},
  year = {2010},
  month = sep,
  journal = {JAWRA Journal of the American Water Resources Association},
  volume = {46},
  number = {5},
  pages = {857--880},
  issn = {1093474X},
  doi = {10.1111/j.1752-1688.2010.00482.x},
  urldate = {2018-06-22},
  langid = {english}
}

@article{hornungEstimationAverageConcentration1990,
  title = {Estimation of Average Concentration in the Presence of Nondetectable Values},
  author = {Hornung, Richard W. and Reed, Laurence D.},
  year = {1990},
  month = jan,
  journal = {Applied Occupational and Environmental Hygiene},
  volume = {5},
  number = {1},
  pages = {46--51},
  issn = {1047-322X, 1521-0898},
  doi = {10.1080/1047322X.1990.10389587},
  urldate = {2022-11-22},
  langid = {english}
}

@article{horowitzEvaluationSedimentRating2003,
  title = {An Evaluation of Sediment Rating Curves for Estimating Suspended Sediment Concentrations for Subsequent Flux Calculations},
  author = {Horowitz, Arthur J.},
  year = {2003},
  month = dec,
  journal = {Hydrological Processes},
  volume = {17},
  number = {17},
  pages = {3387--3409},
  issn = {0885-6087, 1099-1085},
  doi = {10.1002/hyp.1299},
  urldate = {2022-12-06},
  langid = {english}
}

@article{houTransformationFateNitrate2012,
  title = {Transformation and Fate of Nitrate near the Sediment\textendash Water Interface of {{Copano Bay}}},
  author = {Hou, Lijun and Liu, Min and Carini, Stephen A. and Gardner, Wayne S.},
  year = {2012},
  month = mar,
  journal = {Continental Shelf Research},
  volume = {35},
  pages = {86--94},
  issn = {02784343},
  doi = {10.1016/j.csr.2012.01.004},
  urldate = {2023-01-29},
  langid = {english}
}

@techreport{jainTechnicalSupportDocument2021,
  type = {Technical {{Report}}},
  title = {Technical {{Support Document}} for {{One Total Maximum Daily Load}} for {{Indicator Bacteria}} in {{Lavaca River Above Tidal}}},
  author = {Jain, Shubham and Schramm, Michael P.},
  year = {2021},
  number = {AS-221},
  address = {{Austin, Texas}},
  institution = {{Texas Commission on Environmental Quality}},
  url = {https://www.tceq.texas.gov/downloads/water-quality/tmdl/lavaca-river-above-tidal-rocky-creek-recreational-108/108-lavaca-river-addendum-tsd-2021-october-as-221.pdf},
  langid = {english}
}

@article{jordan_effects_2018,
  title = {Effects of {{Local Watershed Land Use}} on {{Water Quality}} in {{Mid-Atlantic Coastal Bays}} and {{Subestuaries}} of the {{Chesapeake Bay}}},
  author = {Jordan, Thomas E. and Weller, Donald E. and Pelc, Carey E.},
  year = {2018},
  month = sep,
  journal = {Estuaries and Coasts},
  volume = {41},
  number = {S1},
  pages = {38--53},
  issn = {1559-2723, 1559-2731},
  doi = {10.1007/s12237-017-0303-5},
  urldate = {2022-04-21},
  langid = {english}
}

@article{kao_phosphorus_2022,
  title = {Phosphorus Retention and Transformation in a Dammed Reservoir of the {{Thames River}}, {{Ontario}}: {{Impacts}} on Phosphorus Load and Speciation},
  shorttitle = {Phosphorus Retention and Transformation in a Dammed Reservoir of the {{Thames River}}, {{Ontario}}},
  author = {Kao, N. and Mohamed, M. and Sorichetti, R.J. and Niederkorn, A. and Van Cappellen, P. and Parsons, C.T.},
  year = {2022},
  month = feb,
  journal = {Journal of Great Lakes Research},
  volume = {48},
  number = {1},
  pages = {84--96},
  issn = {03801330},
  doi = {10.1016/j.jglr.2021.11.008},
  urldate = {2022-04-05},
  langid = {english}
}

@article{kellyAssessingUncertaintyAnnual2018,
  title = {Assessing Uncertainty in Annual Nitrogen, Phosphorus, and Suspended Sediment Load Estimates in Three Agricultural Streams Using a 21-Year Dataset},
  author = {Kelly, Patrick T. and Vanni, Michael J. and Renwick, William H.},
  year = {2018},
  month = feb,
  journal = {Environmental Monitoring and Assessment},
  volume = {190},
  number = {2},
  pages = {91},
  issn = {0167-6369, 1573-2959},
  doi = {10.1007/s10661-018-6470-4},
  urldate = {2022-12-06},
  langid = {english}
}

@incollection{kennicuttWaterQualityGulf2017,
  title = {Water {{Quality}} of the {{Gulf}} of {{Mexico}}},
  booktitle = {Habitats and {{Biota}} of the {{Gulf}} of {{Mexico}}: {{Before}} the {{Deepwater Horizon Oil Spill}}},
  author = {Kennicutt, Mahlon C.},
  editor = {Ward, C. Herb},
  year = {2017},
  pages = {55--164},
  publisher = {{Springer New York}},
  address = {{New York, NY}},
  doi = {10.1007/978-1-4939-3447-8_2},
  isbn = {978-1-4939-3445-4 978-1-4939-3447-8},
  langid = {english}
}

@article{kroonRiverLoadsSuspended2012,
  title = {River Loads of Suspended Solids, Nitrogen, Phosphorus and Herbicides Delivered to the {{Great Barrier Reef}} Lagoon},
  author = {Kroon, Frederieke J. and Kuhnert, Petra M. and Henderson, Brent L. and Wilkinson, Scott N. and {Kinsey-Henderson}, Anne and Abbott, Brett and Brodie, Jon E. and Turner, Ryan D.R.},
  year = {2012},
  journal = {Marine Pollution Bulletin},
  volume = {65},
  number = {4-9},
  pages = {167--181},
  issn = {0025326X},
  doi = {10.1016/j.marpolbul.2011.10.018},
  urldate = {2022-11-18},
  langid = {english}
}

@article{kuhnertQuantifyingTotalSuspended2012,
  title = {Quantifying Total Suspended Sediment Export from the {{Burdekin River}} Catchment Using the Loads Regression Estimator Tool},
  shorttitle = {Quantifying Total Suspended Sediment Export from the {{Burdekin River}} Catchment Using the Loads Regression Estimator Tool},
  author = {Kuhnert, Petra M. and Henderson, Brent L. and Lewis, Stephen E. and Bainbridge, Zoe T. and Wilkinson, Scott N. and Brodie, Jon E.},
  year = {2012},
  month = apr,
  journal = {Water Resources Research},
  volume = {48},
  number = {4},
  issn = {00431397},
  doi = {10.1029/2011WR011080},
  langid = {english}
}

@article{ladson_standard_2013,
  title = {A Standard Approach to Baseflow Seperation Using the {{Lyne}} and {{Hollick}} Filter},
  author = {Ladson, A. R. and Brown, R. and Neal, B. and Nathan, R.},
  year = {2013},
  journal = {Australasian Journal of Water Resources},
  volume = {17},
  number = {1},
  pages = {25--34}
}

@article{lane_seasonal_2002,
  title = {Seasonal and Spatial Water Quality Changes in the Outflow Plume of the {{Atchafalaya River}}, {{Louisiana}}, {{USA}}},
  author = {Lane, Robert R. and Day, John W. and Marx, Brian and Reves, Enrique and Kemp, G. Paul},
  year = {2002},
  month = feb,
  journal = {Estuaries},
  volume = {25},
  number = {1},
  pages = {30--42},
  issn = {0160-8347},
  doi = {10.1007/BF02696047},
  urldate = {2022-06-16},
  langid = {english}
}

@article{lane_seasonal_2002-1,
  title = {Seasonal and Spatial Water Quality Changes in the Outflow Plume of the {{Atchafalaya River}}, {{Louisiana}}, {{USA}}},
  author = {Lane, Robert R. and Day, John W. and Marx, Brian and Reves, Enrique and Kemp, G. Paul},
  year = {2002},
  month = feb,
  journal = {Estuaries},
  volume = {25},
  number = {1},
  pages = {30--42},
  issn = {0160-8347},
  doi = {10.1007/BF02696047},
  urldate = {2022-06-16},
  langid = {english}
}

@article{larned_water_2016,
  title = {Water Quality in {{New Zealand}} Rivers: Current State and Trends},
  shorttitle = {Water Quality in {{New Zealand}} Rivers},
  author = {Larned, St and Snelder, T and Unwin, Mj and McBride, Gb},
  year = {2016},
  month = jul,
  journal = {New Zealand Journal of Marine and Freshwater Research},
  volume = {50},
  number = {3},
  pages = {389--417},
  issn = {0028-8330, 1175-8805},
  doi = {10.1080/00288330.2016.1150309},
  urldate = {2022-05-11},
  langid = {english}
}

@article{liuComprehensiveWaterQuality2020,
  title = {Towards the Comprehensive Water Quality Control in {{Lake Taihu}}: {{Correlating}} Chlorphyll a and Water Quality Parameters with Generalized Additive Model},
  shorttitle = {Towards the Comprehensive Water Quality Control in {{Lake Taihu}}},
  author = {Liu, Lili and Dong, Yongcheng and Kong, Ming and Zhou, Jian and Zhao, Hanbin and Wang, Yupeng and Zhang, Meng and Wang, Zhiping},
  year = {2020},
  month = feb,
  journal = {Science of The Total Environment},
  volume = {705},
  pages = {135993},
  issn = {00489697},
  doi = {10.1016/j.scitotenv.2019.135993},
  urldate = {2023-01-27},
  langid = {english}
}

@article{liuFactorsInfluencingFarmers2018,
  title = {Factors {{Influencing Farmers}}' {{Adoption}} of {{Best Management Practices}}: {{A Review}} and {{Synthesis}}},
  shorttitle = {Factors {{Influencing Farmers}}' {{Adoption}} of {{Best Management Practices}}},
  author = {Liu, Tingting and Bruins, Randall and Heberling, Matthew},
  year = {2018},
  month = feb,
  journal = {Sustainability},
  volume = {10},
  number = {2},
  pages = {432},
  issn = {2071-1050},
  doi = {10.3390/su10020432},
  urldate = {2023-02-01},
  langid = {english}
}

@article{lloydMethodsDetectingChange2014,
  title = {Methods for Detecting Change in Hydrochemical Time Series in Response to Targeted Pollutant Mitigation in River Catchments},
  author = {Lloyd, C.E.M. and Freer, J.E. and Collins, A.L. and Johnes, P.J. and Jones, J.I.},
  year = {2014},
  month = jun,
  journal = {Journal of Hydrology},
  volume = {514},
  pages = {297--312},
  issn = {00221694},
  doi = {10.1016/j.jhydrol.2014.04.036},
  langid = {english}
}

@techreport{longleyFreshwaterInflowsTexas1994,
  title = {Freshwater {{Inflows}} to {{Texas Bays}} and {{Estuaries}}: {{Ecological Relationships}} and {{Methods}} for {{Determination}} of {{Needs}}},
  author = {Longley, William and Powell, Gary and Green, Albert},
  year = {1994},
  pages = {386},
  address = {{Austin, TX}},
  institution = {{Texas Water Development Board}}
}

@inproceedings{lyne_stochastic_1979,
  title = {Stochastic Time-Variable Rainfall Runoff Modelling},
  booktitle = {Institute of {{Engineers Australia National Conference}}},
  author = {Lyne, Vincent and Hollick, M.},
  year = {1979},
  volume = {79},
  pages = {89--93},
  address = {{Barton, Australia}}
}

@article{marraCoveragePropertiesConfidence2012,
  title = {Coverage Properties of Confidence Intervals for {{Generalized Additive Model}} Components: {{Coverage}} Properties of {{GAM}} Intervals},
  shorttitle = {Coverage {{Properties}} of {{Confidence Intervals}} for {{Generalized Additive Model Components}}},
  author = {Marra, Giampiero and Wood, Simon N.},
  year = {2012},
  month = mar,
  journal = {Scandinavian Journal of Statistics},
  volume = {39},
  number = {1},
  pages = {53--74},
  issn = {03036898},
  doi = {10.1111/j.1467-9469.2011.00760.x},
  urldate = {2022-09-29},
  langid = {english}
}

@article{mcdowell_implications_2021,
  title = {The Implications of Lag Times between Nitrate Leaching Losses and Riverine Loads for Water Quality Policy},
  author = {McDowell, R. W. and Simpson, Z. P. and Ausseil, A. G. and Etheridge, Z. and Law, R.},
  year = {2021},
  month = dec,
  journal = {Scientific Reports},
  volume = {11},
  number = {1},
  pages = {16450},
  issn = {2045-2322},
  doi = {10.1038/s41598-021-95302-1},
  urldate = {2022-04-20},
  langid = {english}
}

@article{mcfarland_determining_2001,
  title = {{{DETERMINING NUTRIENT EXPORT COEFFICIENTS AND SOURCE LOADING UNCERTAINTY USING IN-STREAM MONITORING DATA}}},
  author = {McFarland, Anne M. S. and Hauck, Larry M.},
  year = {2001},
  month = feb,
  journal = {Journal of the American Water Resources Association},
  volume = {37},
  number = {1},
  pages = {223--236},
  issn = {1093-474X, 1752-1688},
  doi = {10.1111/j.1752-1688.2001.tb05488.x},
  urldate = {2022-05-09},
  langid = {english}
}

@techreport{montagnaAssessmentRelationshipFreshwater2020,
  title = {Assessment of the {{Relationship Between Freshwater Inflow}} and {{Biological Indicators}} in {{Lavaca Bay}}},
  author = {Montagna, Paul A and Cockett, Patricia M and Kurr, Elaine M and Trungale, Joe},
  year = {2020},
  number = {Contract \# 1800012268},
  pages = {115},
  address = {{Corpus Christi, Texas}},
  institution = {{Harte Research Institute, Texas A\&M University-Corpus Christi}},
  langid = {english}
}

@article{montefiore_can_2022,
  title = {Can a Simple Water Quality Model Effectively Estimate Runoff-Driven Nutrient Loads to Estuarine Systems? {{A}} National-Scale Comparison of {{STEPLgrid}} and {{SPARROW}}},
  shorttitle = {Can a Simple Water Quality Model Effectively Estimate Runoff-Driven Nutrient Loads to Estuarine Systems?},
  author = {Montefiore, Lise R. and Nelson, Natalie G.},
  year = {2022},
  month = apr,
  journal = {Environmental Modelling \& Software},
  volume = {150},
  pages = {105344},
  issn = {13648152},
  doi = {10.1016/j.envsoft.2022.105344},
  urldate = {2022-04-21},
  langid = {english}
}

@article{mooney_outsized_2020,
  title = {Outsized Nutrient Contributions from Small Tributaries to a {{Great Lake}}},
  author = {Mooney, Robert J. and Stanley, Emily H. and Rosenthal, William C. and Esselman, Peter C. and Kendall, Anthony D. and McIntyre, Peter B.},
  year = {2020},
  month = nov,
  journal = {Proceedings of the National Academy of Sciences},
  volume = {117},
  number = {45},
  pages = {28175--28182},
  issn = {0027-8424, 1091-6490},
  doi = {10.1073/pnas.2001376117},
  urldate = {2022-04-26},
  langid = {english}
}

@article{mooneyWatershedExportEvents2012,
  title = {Watershed {{Export Events}} and {{Ecosystem Responses}} in the {{Mission}}\textendash{{Aransas National Estuarine Research Reserve}}, {{South Texas}}},
  author = {Mooney, Rae F. and McClelland, James W.},
  year = {2012},
  month = nov,
  journal = {Estuaries and Coasts},
  volume = {35},
  number = {6},
  pages = {1468--1485},
  issn = {1559-2723, 1559-2731},
  doi = {10.1007/s12237-012-9537-4},
  urldate = {2023-01-30},
  langid = {english}
}

@article{mooneyWatershedExportEvents2012a,
  title = {Watershed Export Events and Ecosystem Responses in the {{Mission}}\textendash{{Aransas National Estuarine Research Reserve}}, {{South Texas}}},
  author = {Mooney, Rae F. and McClelland, James W.},
  year = {2012},
  month = nov,
  journal = {Estuaries and Coasts},
  volume = {35},
  number = {6},
  pages = {1468--1485},
  issn = {1559-2723, 1559-2731},
  doi = {10.1007/s12237-012-9537-4},
  urldate = {2022-04-21},
  langid = {english}
}

@article{moriasiHydrologicWaterQuality2015,
  title = {Hydrologic and {{Water Quality Models}}: {{Performance Measures}} and {{Evaluation Criteria}}},
  shorttitle = {Hydrologic and {{Water Quality Models}}},
  author = {Moriasi, D. N. and Gitau, M. W. and Pai, N. and Daggupati, P.},
  year = {2015},
  month = dec,
  journal = {Transactions of the ASABE},
  volume = {58},
  number = {6},
  pages = {1763--1785},
  issn = {21510032, 21510040},
  doi = {10.13031/trans.58.10715},
  urldate = {2022-11-14},
  langid = {english}
}

@article{murphyGeneralizedAdditiveModel2019,
  title = {A {{Generalized Additive Model}} Approach to Evaluating Water Quality: {{Chesapeake Bay}} Case Study},
  shorttitle = {A {{Generalized Additive Model}} Approach to Evaluating Water Quality},
  author = {Murphy, Rebecca R. and Perry, Elgin and Harcum, Jon and Keisman, Jennifer},
  year = {2019},
  month = aug,
  journal = {Environmental Modelling \& Software},
  volume = {118},
  pages = {1--13},
  issn = {13648152},
  doi = {10.1016/j.envsoft.2019.03.027},
  urldate = {2023-05-18},
  langid = {english}
}

@article{murphyNutrientImprovementsChesapeake2022,
  title = {Nutrient Improvements in {{Chesapeake Bay}}: {{Direct}} Effect of Load Reductions and Implications for Coastal Management},
  shorttitle = {Nutrient {{Improvements}} in {{Chesapeake Bay}}},
  author = {Murphy, Rebecca R. and Keisman, Jennifer and Harcum, Jon and Karrh, Renee R. and Lane, Mike and Perry, Elgin S. and Zhang, Qian},
  year = {2022},
  month = jan,
  journal = {Environmental Science \& Technology},
  volume = {56},
  number = {1},
  pages = {260--270},
  issn = {0013-936X, 1520-5851},
  doi = {10.1021/acs.est.1c05388},
  urldate = {2022-10-25},
  langid = {english}
}

@article{oelsner_recent_2019,
  title = {Recent Trends in Nutrient and Sediment Loading to Coastal Areas of the Conterminous {{U}}.{{S}}.: {{Insights}} and Global Context},
  shorttitle = {Recent Trends in Nutrient and Sediment Loading to Coastal Areas of the Conterminous {{U}}.{{S}}.},
  author = {Oelsner, Gretchen P. and Stets, Edward G.},
  year = {2019},
  month = mar,
  journal = {Science of The Total Environment},
  volume = {654},
  pages = {1225--1240},
  issn = {00489697},
  doi = {10.1016/j.scitotenv.2018.10.437},
  urldate = {2022-04-05},
  langid = {english}
}

@article{omaniEstimationSedimentNutrient2014,
  title = {Estimation of Sediment and Nutrient Loads to Bays from Gauged and Ungauged Watersheds},
  author = {Omani, N. and Srinivasan, R. and Lee, T.},
  year = {2014},
  journal = {Applied Engineering in Agriculture},
  pages = {869--887},
  issn = {08838542, 19437838},
  doi = {10.13031/aea.30.10162},
  urldate = {2022-04-21},
  langid = {english}
}

@article{ornolfsdottirNutrientPulsingRegulator2004,
  title = {Nutrient Pulsing as a Regulator of Phytoplankton Abundance and Community Composition in {{Galveston Bay}}, {{Texas}}},
  author = {{\"O}rn{\'o}lfsd{\'o}ttir, Erla B. and Lumsden, S.Elizabeth and Pinckney, James L.},
  year = {2004},
  month = jun,
  journal = {Journal of Experimental Marine Biology and Ecology},
  volume = {303},
  number = {2},
  pages = {197--220},
  issn = {00220981},
  doi = {10.1016/j.jembe.2003.11.016},
  urldate = {2023-02-01},
  langid = {english}
}

@article{paerlAssessingEffectsNutrient2006,
  title = {Assessing the Effects of Nutrient Management in an Estuary Experiencing Climatic Change: {{The Neuse River Estuary}}, {{North Carolina}}},
  shorttitle = {Assessing the {{Effects}} of {{Nutrient Management}} in an {{Estuary Experiencing Climatic Change}}},
  author = {Paerl, Hans W. and Valdes, Lexia M. and Piehler, Michael F. and Stow, Craig A.},
  year = {2006},
  month = mar,
  journal = {Environmental Management},
  volume = {37},
  number = {3},
  pages = {422--436},
  issn = {0364-152X, 1432-1009},
  doi = {10.1007/s00267-004-0034-9},
  urldate = {2023-01-30},
  langid = {english}
}

@article{paerlEvolvingParadigmsChallenges2014,
  title = {Evolving {{Paradigms}} and {{Challenges}} in {{Estuarine}} and {{Coastal Eutrophication Dynamics}} in a {{Culturally}} and {{Climatically Stressed World}}},
  author = {Paerl, Hans W. and Hall, Nathan S. and Peierls, Benjamin L. and Rossignol, Karen L.},
  year = {2014},
  month = mar,
  journal = {Estuaries and Coasts},
  volume = {37},
  number = {2},
  pages = {243--258},
  issn = {1559-2723, 1559-2731},
  doi = {10.1007/s12237-014-9773-x},
  urldate = {2023-01-28},
  langid = {english}
}

@article{palmerImpactsDroughtsLow2015,
  title = {Impacts of Droughts and Low Flows on Estuarine Water Quality and Benthic Fauna},
  author = {Palmer, Terence A. and Montagna, Paul A.},
  year = {2015},
  month = jul,
  journal = {Hydrobiologia},
  volume = {753},
  number = {1},
  pages = {111--129},
  issn = {0018-8158, 1573-5117},
  doi = {10.1007/s10750-015-2200-x},
  urldate = {2022-11-11},
  langid = {english}
}

@article{paudelRelationshipSuspendedSolids2019,
  title = {The Relationship between Suspended Solids and Nutrients with Variable Hydrologic Flow Regimes},
  author = {Paudel, Bhanu and Montagna, Paul A. and Adams, Leslie},
  year = {2019},
  month = may,
  journal = {Regional Studies in Marine Science},
  volume = {29},
  pages = {100657},
  issn = {23524855},
  doi = {10.1016/j.rsma.2019.100657},
  urldate = {2023-01-29},
  langid = {english}
}

@article{pedersenHierarchicalGeneralizedAdditive2019,
  title = {Hierarchical Generalized Additive Models in Ecology: An Introduction with Mgcv},
  shorttitle = {Hierarchical Generalized Additive Models in Ecology},
  author = {Pedersen, Eric J. and Miller, David L. and Simpson, Gavin L. and Ross, Noam},
  year = {2019},
  month = may,
  journal = {PeerJ},
  volume = {7},
  pages = {e6876},
  issn = {2167-8359},
  doi = {10.7717/peerj.6876},
  urldate = {2023-01-27},
  langid = {english}
}

@article{peierlsNonmonotonicResponsesPhytoplankton2012,
  title = {Non-Monotonic Responses of Phytoplankton Biomass Accumulation to Hydrologic Variability: {{A}} Comparison of Two Coastal Plain {{North Carolina}} Estuaries},
  shorttitle = {Non-Monotonic {{Responses}} of {{Phytoplankton Biomass Accumulation}} to {{Hydrologic Variability}}},
  author = {Peierls, Benjamin L. and Hall, Nathan S. and Paerl, Hans W.},
  year = {2012},
  month = nov,
  journal = {Estuaries and Coasts},
  volume = {35},
  number = {6},
  pages = {1376--1392},
  issn = {1559-2723, 1559-2731},
  doi = {10.1007/s12237-012-9547-2},
  urldate = {2023-01-28},
  langid = {english}
}

@article{pionke_seasonal_1999,
  title = {Seasonal Flow, Nutrient Concentrations and Loading Patterns in Stream Flow Draining an Agricultural Hill-Land Watershed},
  author = {Pionke, H.B. and Gburek, W.J. and Schnabel, R.R. and Sharpley, A.N. and Elwinger, G.F.},
  year = {1999},
  month = jun,
  journal = {Journal of Hydrology},
  volume = {220},
  number = {1-2},
  pages = {62--73},
  issn = {00221694},
  doi = {10.1016/S0022-1694(99)00064-5},
  urldate = {2022-05-09},
  langid = {english}
}

@article{powersControlNitrogenPhosphorus2015,
  title = {Control of Nitrogen and Phosphorus Transport by Reservoirs in Agricultural Landscapes},
  author = {Powers, S M},
  year = {2015},
  pages = {23},
  langid = {english}
}

@article{rebichSourcesDeliveryNutrients2011,
  title = {Sources and Delivery of Nutrients to the Northwestern {{Gulf}} of {{Mexico}} from Streams in the South-Central {{United States}}},
  shorttitle = {Sources and {{Delivery}} of {{Nutrients}} to the {{Northwestern Gulf}} of {{Mexico}} from {{Streams}} in the {{South-Central United States1}}},
  author = {Rebich, Richard A. and Houston, Natalie A. and Mize, Scott V. and Pearson, Daniel K. and Ging, Patricia B. and Evan Hornig, C.},
  year = {2011},
  month = oct,
  journal = {JAWRA Journal of the American Water Resources Association},
  volume = {47},
  number = {5},
  pages = {1061--1086},
  issn = {1093474X},
  doi = {10.1111/j.1752-1688.2011.00583.x},
  urldate = {2022-04-21},
  langid = {english}
}

@article{richards_using_2014,
  title = {Using {{Generalized Additive Modelling}} to {{Understand}} the {{Drivers}} of {{Long-Term Nutrient Dynamics}} in the {{Broadwater Estuary}} (a {{Subtropical Estuary}}), {{Gold Coast}}, {{Australia}}},
  author = {Richards, Russell and Chaloupka, Milani and Strauss, Darrell and Tomlinson, Rodger},
  year = {2014},
  month = nov,
  journal = {Journal of Coastal Research},
  volume = {298},
  pages = {1321--1329},
  issn = {0749-0208, 1551-5036},
  doi = {10.2112/JCOASTRES-D-12-00190.1},
  urldate = {2022-06-16},
  langid = {english}
}

@article{robertson_surrogate_2018-1,
  title = {A Surrogate Regression Approach for Computing Continuous Loads for the Tributary Nutrient and Sediment Monitoring Program on the {{Great Lakes}}},
  author = {Robertson, Dale M. and Hubbard, Laura E. and Lorenz, David L. and Sullivan, Daniel J.},
  year = {2018},
  month = feb,
  journal = {Journal of Great Lakes Research},
  volume = {44},
  number = {1},
  pages = {26--42},
  issn = {03801330},
  doi = {10.1016/j.jglr.2017.10.003},
  urldate = {2022-06-16},
  langid = {english}
}

@article{robson_prediction_2015-1,
  title = {Prediction of Sediment, Particulate Nutrient and Dissolved Nutrient Concentrations in a Dry Tropical River to Provide Input to a Mechanistic Coastal Water Quality Model},
  author = {Robson, Barbara J. and Dourdet, Vincent},
  year = {2015},
  month = jan,
  journal = {Environmental Modelling \& Software},
  volume = {63},
  pages = {97--108},
  issn = {13648152},
  doi = {10.1016/j.envsoft.2014.08.009},
  urldate = {2022-04-05},
  langid = {english}
}

@article{russell_effect_2006,
  title = {The Effect of Freshwater Inflow on Net Ecosystem Metabolism in {{Lavaca Bay}}, {{Texas}}},
  author = {Russell, Marc J. and Montagna, Paul A. and Kalke, Richard D.},
  year = {2006},
  month = jun,
  journal = {Estuarine, Coastal and Shelf Science},
  volume = {68},
  number = {1-2},
  pages = {231--244},
  issn = {02727714},
  doi = {10.1016/j.ecss.2006.02.005},
  urldate = {2021-10-07},
  langid = {english}
}

@techreport{schoenbaechlerCoastalHydrologyLavacaColorado2011,
  title = {Coastal {{Hydrology}} for the {{Lavaca-Colorado Estuary}}},
  author = {Schoenbaechler, Caimee and Guthrie, Carla and Lu, Qingguang},
  year = {2011},
  address = {{Austin, TX}},
  institution = {{Texas Water Development Board}}
}

@manual{schrammAdcCalculateAntecedant2023,
  title = {Adc: {{Calculate Antecedant Discharge Conditions}}},
  author = {Schramm, Michael},
  year = {2023},
  url = {https://CRAN.R-project.org/package=adc},
  version = {1.0.0}
}

@techreport{schrammLavacaRiverWatershed2018,
  type = {Technical {{Report}}},
  title = {Lavaca {{River Watershed Protection Plan}}},
  author = {Schramm, Michael and Berthold, Allen and Entwistle, Clare and Peddicord, Kirby},
  year = {2018},
  month = apr,
  number = {TR-507},
  address = {{College Station, Texas}},
  institution = {{Texas Water Resources Institute}},
  url = {https://twri.tamu.edu/publications/technical-reports/2018-technical-reports/tr-507/}
}

@article{schrammTotalMaximumDaily2022,
  title = {Total {{Maximum Daily Loads}} and {{{\emph{Escherichia}}}}{\emph{ Coli}} Trends in {{Texas}} Freshwater Streams},
  author = {Schramm, Michael and Gitter, Anna and Gregory, Lucas},
  year = {2022},
  journal = {Journal of Contemporary Water Research \& Education},
  volume = {176},
  issue = {1},
  pages = {36--49},
  doi = {10.1111/j.1936-704X.2022.3374.x}
}

@article{shenTimeUpdateSplit2022,
  title = {Time to {{Update}} the {{Split}}-{{Sample Approach}} in {{Hydrological Model Calibration}}},
  author = {Shen, Hongren and Tolson, Bryan A. and Mai, Juliane},
  year = {2022},
  month = mar,
  journal = {Water Resources Research},
  volume = {58},
  number = {3},
  issn = {0043-1397, 1944-7973},
  doi = {10.1029/2021WR031523},
  urldate = {2022-03-03},
  langid = {english}
}

@article{shodaWaterqualityTrendsRivers2019,
  title = {Water-Quality Trends in {{U}}.{{S}}. Rivers, 2002 to 2012: {{Relations}} to Levels of Concern},
  shorttitle = {Water-Quality Trends in {{U}}.{{S}}. Rivers, 2002 to 2012},
  author = {Shoda, Megan E. and Sprague, Lori A. and Murphy, Jennifer C. and Riskin, Melissa L.},
  year = {2019},
  month = feb,
  journal = {Science of The Total Environment},
  volume = {650},
  pages = {2314--2324},
  issn = {00489697},
  doi = {10.1016/j.scitotenv.2018.09.377},
  urldate = {2023-05-18},
  langid = {english}
}

@misc{simpsonGratiaGracefulGraceful2022,
  title = {{{gratia}}: {{Graceful Graceful}} {{ggplot}}-{{Based Graphics}} and {{Other Functions}}  for {{GAMs Fitted}} Using {{mgcv}}},
  author = {Simpson, Gavin L.},
  year = {2022},
  url = {https://gavinsimpson.github.io/gratia/}
}

@article{snelderEstimationCatchmentNutrient2017,
  title = {Estimation of Catchment Nutrient Loads in {{New Zealand}} Using Monthly Water Quality Monitoring Data},
  author = {Snelder, T.H. and McDowell, R.W. and Fraser, C.E.},
  year = {2017},
  month = feb,
  journal = {JAWRA Journal of the American Water Resources Association},
  volume = {53},
  number = {1},
  pages = {158--178},
  issn = {1093474X},
  doi = {10.1111/1752-1688.12492},
  urldate = {2022-12-06},
  langid = {english}
}

@article{stackpooleLongTermMississippi2021,
  title = {Long-term {{Mississippi River}} Trends Expose Shifts in the River Load Response to Watershed Nutrient Balances between 1975 and 2017},
  author = {Stackpoole, Sarah and Sabo, Robert and Falcone, James and Sprague, Lori},
  year = {2021},
  month = nov,
  journal = {Water Resources Research},
  volume = {57},
  number = {11},
  issn = {0043-1397, 1944-7973},
  doi = {10.1029/2021WR030318},
  urldate = {2023-05-18},
  langid = {english}
}

@article{stetsIncreasingChlorideRivers2018,
  title = {Increasing Chloride in Rivers of the Conterminous {{U}}.{{S}}. and Linkages to Potential Corrosivity and Lead Action Level Exceedances in Drinking Water},
  author = {Stets, E.G. and Lee, C.J. and Lytle, D.A. and Schock, M.R.},
  year = {2018},
  month = feb,
  journal = {Science of The Total Environment},
  volume = {613--614},
  pages = {1498--1509},
  issn = {00489697},
  doi = {10.1016/j.scitotenv.2017.07.119},
  urldate = {2023-05-18},
  langid = {english}
}

@techreport{sullivan_trends_2009,
  title = {Trends in Pesticide Concentrations in Corn-Belt Streams, 1996\textendash 2006},
  author = {Sullivan, Daniel J. and Vecchia, Aldo V and Lorenz, David L. and Gilliom, Robert J. and Martin, Jeffrey D.},
  year = {2009},
  number = {2009-5132},
  institution = {{U.S. Geological Survey}}
}

@article{tadaUnbiasedEstimatesConfidence2021,
  title = {Unbiased {{Estimates}} and {{Confidence Intervals}} for {{Riverine Loads}}},
  author = {Tada, Akio and Tanakamaru, Haruya},
  year = {2021},
  month = mar,
  journal = {Water Resources Research},
  volume = {57},
  number = {3},
  issn = {0043-1397, 1944-7973},
  doi = {10.1029/2020WR028170},
  urldate = {2022-10-17},
  langid = {english}
}

@article{tominackVariabilityPhytoplanktonBiomass2022,
  title = {Variability in Phytoplankton Biomass and Community Composition in {{Corpus Christi Bay}}, {{Texas}}},
  author = {Tominack, Sarah A. and Wetz, Michael S.},
  year = {2022},
  month = nov,
  journal = {Estuaries and Coasts},
  issn = {1559-2723, 1559-2731},
  doi = {10.1007/s12237-022-01137-y},
  langid = {english}
}

@article{vecchiaTrendsConcentrationsUse2009,
  title = {Trends in Concentrations and Use of Agricultural Herbicides for {{Corn Belt Rivers}}, 1996-2006},
  author = {Vecchia, Aldo V. and Gilliom, Robert J. and Sullivan, Daniel J. and Lorenz, David L. and Martin, Jeffrey D.},
  year = {2009},
  month = dec,
  journal = {Environmental Science \& Technology},
  volume = {43},
  number = {24},
  pages = {9096--9102},
  issn = {0013-936X, 1520-5851},
  doi = {10.1021/es902122j},
  urldate = {2022-06-23},
  langid = {english}
}

@article{vigiak_estimating_2013-1,
  title = {Estimating Bootstrap and {{Bayesian}} Prediction Intervals for Constituent Load Rating Curves: {{BOOTSTRAP AND BAYESIAN RATING CURVE PREDICTION INTERVALS}}},
  shorttitle = {Estimating Bootstrap and {{Bayesian}} Prediction Intervals for Constituent Load Rating Curves},
  author = {Vigiak, Olga and {Bende-Michl}, Ulrike},
  year = {2013},
  month = dec,
  journal = {Water Resources Research},
  volume = {49},
  number = {12},
  pages = {8565--8578},
  issn = {00431397},
  doi = {10.1002/2013WR013559},
  urldate = {2022-05-10},
  langid = {english}
}

@article{walkerTimescalesMagnitudeWater2021,
  title = {Timescales and Magnitude of Water Quality Change in Three {{Texas}} Estuaries Induced by Passage of {{Hurricane Harvey}}},
  author = {Walker, Lily M. and Montagna, Paul A. and Hu, Xinping and Wetz, Michael S.},
  year = {2021},
  month = jun,
  journal = {Estuaries and Coasts},
  volume = {44},
  number = {4},
  pages = {960--971},
  issn = {1559-2723, 1559-2731},
  doi = {10.1007/s12237-020-00846-6},
  urldate = {2023-01-31},
  langid = {english}
}

@article{wangLoadEstimationUncertainties2011,
  title = {Load Estimation with Uncertainties from Opportunistic Sampling Data \textendash{} {{A}} Semiparametric Approach},
  author = {Wang, You-Gan and Kuhnert, Petra and Henderson, Brent},
  year = {2011},
  month = jan,
  journal = {Journal of Hydrology},
  volume = {396},
  number = {1-2},
  pages = {148--157},
  issn = {00221694},
  doi = {10.1016/j.jhydrol.2010.11.003},
  urldate = {2022-09-21},
  langid = {english}
}

@book{wardHabitatsBiotaGulf2017,
  title = {Habitats and {{Biota}} of the {{Gulf}} of {{Mexico}}: {{Before}} the {{Deepwater Horizon Oil Spill}}: {{Volume}} 1: {{Water Quality}}, {{Sediments}}, {{Sediment Contaminants}}, {{Oil}} and {{Gas Seeps}}, {{Coastal Habitats}}, {{Offshore Plankton}} and {{Benthos}}, and {{Shellfish}}},
  shorttitle = {Habitats and {{Biota}} of the {{Gulf}} of {{Mexico}}},
  editor = {Ward, C. Herb},
  year = {2017},
  publisher = {{Springer New York}},
  address = {{New York, NY}},
  doi = {10.1007/978-1-4939-3447-8},
  urldate = {2023-02-02},
  isbn = {978-1-4939-3445-4 978-1-4939-3447-8},
  langid = {english}
}

@article{wazniakLinkingWaterQuality2007,
  title = {Linking Water Quality to Living Resources in a {{Mid-Atlantic}} Lagoon System, {{USA}}},
  author = {Wazniak, Catherine E. and Hall, Matthew R. and Carruthers, Tim J. B. and Sturgis, Brian and Dennison, William C. and Orth, Robert J.},
  year = {2007},
  month = jul,
  journal = {Ecological Applications},
  volume = {17},
  number = {sp5},
  pages = {S64-S78},
  issn = {1051-0761},
  doi = {10.1890/05-1554.1},
  langid = {english}
}

@article{wetz_exceptionally_2017,
  title = {Exceptionally High Organic Nitrogen Concentrations in a Semi-Arid {{South Texas}} Estuary Susceptible to Brown Tide Blooms},
  author = {Wetz, Michael S. and Cira, Emily K. and {Sterba-Boatwright}, Blair and Montagna, Paul A. and Palmer, Terence A. and Hayes, Kenneth C.},
  year = {2017},
  month = mar,
  journal = {Estuarine, Coastal and Shelf Science},
  volume = {188},
  pages = {27--37},
  issn = {02727714},
  doi = {10.1016/j.ecss.2017.02.001},
  urldate = {2022-04-21},
  langid = {english}
}

@article{wetzExtremeFutureEstuaries2013,
  title = {An `Extreme' Future for Estuaries? {{Effects}} of Extreme Climatic Events on Estuarine Water Quality and Ecology},
  shorttitle = {An `Extreme' Future for Estuaries?},
  author = {Wetz, Michael S. and Yoskowitz, David W.},
  year = {2013},
  month = apr,
  journal = {Marine Pollution Bulletin},
  volume = {69},
  number = {1-2},
  pages = {7--18},
  issn = {0025326X},
  doi = {10.1016/j.marpolbul.2013.01.020},
  urldate = {2023-01-31},
  langid = {english}
}

@article{wetzWaterQualityDynamics2016,
  title = {Water Quality Dynamics in an Urbanizing Subtropical Estuary({{Oso Bay}}, {{Texas}})},
  author = {Wetz, Michael S. and Hayes, Kenneth C. and Fisher, Kelsey V.B. and Price, Lynn and {Sterba-Boatwright}, Blair},
  year = {2016},
  month = mar,
  journal = {Marine Pollution Bulletin},
  volume = {104},
  number = {1-2},
  pages = {44--53},
  issn = {0025326X},
  doi = {10.1016/j.marpolbul.2016.02.013},
  urldate = {2023-01-27},
  langid = {english}
}

@techreport{wise_spatially_2019,
  type = {Scientific {{Investigations Report}}},
  title = {Spatially Referenced Models of Streamflow and Nitrogen, Phosphorus, and Suspended-Sediment Transport in Streams of the Southwestern {{United States}}},
  author = {Wise, D. R. and Anning, D. W. and Miller, O. W.},
  year = {2019},
  series = {Scientific {{Investigations Report}}},
  number = {2019-5106},
  pages = {66},
  address = {{Reston, Virginia}},
  institution = {{U.S. Geological Survey}},
  langid = {english}
}

@article{woodConfidenceIntervalsGeneralized2006,
  title = {On Confidence Intervals for Generalized Additive Models Based on Penalized Regression Splines},
  author = {Wood, Simon N.},
  year = {2006},
  month = dec,
  journal = {Australian \& New Zealand Journal of Statistics},
  volume = {48},
  number = {4},
  pages = {445--464},
  issn = {1369-1473, 1467-842X},
  doi = {10.1111/j.1467-842X.2006.00450.x},
  urldate = {2022-09-30},
  langid = {english}
}

@article{woodFastStableRestricted2011,
  title = {Fast Stable Restricted Maximum Likelihood and Marginal Likelihood Estimation of Semiparametric Generalized Linear Models: {{Estimation}} of {{Semiparametric Generalized Linear Models}}},
  shorttitle = {Fast Stable Restricted Maximum Likelihood and Marginal Likelihood Estimation of Semiparametric Generalized Linear Models},
  author = {Wood, Simon N.},
  year = {2011},
  month = jan,
  journal = {Journal of the Royal Statistical Society: Series B (Statistical Methodology)},
  volume = {73},
  number = {1},
  pages = {3--36},
  issn = {13697412},
  doi = {10.1111/j.1467-9868.2010.00749.x},
  urldate = {2020-11-12},
  langid = {english}
}

@article{zhang_improving_2017,
  title = {Improving Riverine Constituent Concentration and Flux Estimation by Accounting for Antecedent Discharge Conditions},
  author = {Zhang, Qian and Ball, William P.},
  year = {2017},
  month = apr,
  journal = {Journal of Hydrology},
  volume = {547},
  pages = {387--402},
  issn = {00221694},
  doi = {10.1016/j.jhydrol.2016.12.052},
  urldate = {2022-06-22},
  langid = {english}
}
